@inproceedings{welling2011bayesian,
  title={Bayesian learning via stochastic gradient Langevin dynamics},
  author={Welling, Max and Teh, Yee W},
  booktitle={Proceedings of the 28th international conference on machine learning (ICML-11)},
  pages={681--688},
  year={2011}
}

@inproceedings{chen2014stochastic,
  title={Stochastic gradient hamiltonian monte carlo},
  author={Chen, Tianqi and Fox, Emily and Guestrin, Carlos},
  booktitle={International conference on machine learning},
  pages={1683--1691},
  year={2014}
}



@misc{moldovan2016pybinding,
  title={Pybinding: a Python package for tight-binding calculations},
  author={Moldovan, D and Peeters, FM},
  year={2016}
}


@article{behnel2011cython,
  title={Cython: The best of both worlds},
  author={Behnel, Stefan and Bradshaw, Robert and Citro, Craig and Dalcin, Lisandro and Seljebotn, Dag Sverre and Smith, Kurt},
  journal={Computing in Science \& Engineering},
  volume={13},
  number={2},
  pages={31},
  year={2011},
  publisher={IEEE Computer Society}
}


@inproceedings{cesa2006hierarchical,
  title={Hierarchical classification: combining Bayes with SVM},
  author={Cesa-Bianchi, Nicol{\`o} and Gentile, Claudio and Zaniboni, Luca},
  booktitle={Proceedings of the 23rd international conference on Machine learning},
  pages={177--184},
  year={2006},
  organization={ACM}
}

@inproceedings{lam2015numba,
  title={Numba: A llvm-based python jit compiler},
  author={Lam, Siu Kwan and Pitrou, Antoine and Seibert, Stanley},
  booktitle={Proceedings of the Second Workshop on the LLVM Compiler Infrastructure in HPC},
  pages={7},
  year={2015},
  organization={ACM}
}